@Inproceedings{evdata,
	author = {Lee, Zachary J. and Li, Tongxin, and Low, Steven H.},
	title = { {ACN}-{Data}: {Analysis} and {Applications} of an {Open} {EV} {Charging} {Dataset} },
	booktitle = {Proceedings of the Tenth International Conference on Future Energy Systems},
	series = {e-Energy '19},
	month = jun,
	year = {2019},
	location = {Phoenix, Arizona}
}
